% -----------------------------------------------------------------------
% File: CogSci_Template.bib
% -----------------------------------------------------------------------


@TechReport{HwangStuhlmullerGoodman2011,
  author =   {I. Hwang, A. Stuhlmuller, and N. D. Goodman},
  title =  {Inducing Probabilistic Programs by Bayesian Program Merging},
  year =   2011,
  address =  {Pittsburgh, PA},
  number =   {arXiv:1110.5667v1}
}

@phdthesis{tenenbaum1999bayesian,
  title={A Bayesian framework for concept learning},
  author={Tenenbaum, J.B.},
  year={1999},
  school={Massachusetts Institute of Technology}
}

@article{Fernau:2009:ALR:1512988.1513048,
 author = {Fernau, Henning},
 title = {Algorithms for learning regular expressions from positive data},
 journal = {Inf. Comput.},
 issue_date = {April, 2009},
 volume = {207},
 number = {4},
 month = apr,
 year = {2009},
 issn = {0890-5401},
 pages = {521--541},
 numpages = {21},
 url = {http://dx.doi.org/10.1016/j.ic.2008.12.008},
 doi = {10.1016/j.ic.2008.12.008},
 acmid = {1513048},
 publisher = {Academic Press, Inc.},
 address = {Duluth, MN, USA},
 keywords = {Identification in the limit from positive data, Regular expressions, Text learning},
} 


@inproceedings{gulwani2011automating,
  title={Automating string processing in spreadsheets using input-output examples},
  author={Gulwani, S.},
  booktitle={ACM SIGPLAN Notices},
  volume={46},
  number={1},
  pages={317--330},
  year={2011},
  organization={ACM}
}


% -----------------------------------------------------------------------
% Document End
% -----------------------------------------------------------------------
